% Encoding: UTF-8

@Article{singer2008non,
  author    = {Singer, Amit and Coifman, Ronald R},
  title     = {Non-linear independent component analysis with diffusion maps},
  journal   = {Applied and Computational Harmonic Analysis},
  year      = {2008},
  volume    = {25},
  number    = {2},
  pages     = {226--239},
  publisher = {Elsevier},
}

@Article{saul2003think,
  author  = {Saul, Lawrence K and Roweis, Sam T},
  title   = {Think globally, fit locally: unsupervised learning of low dimensional manifolds},
  journal = {Journal of Machine Learning Research},
  year    = {2003},
  volume  = {4},
  number  = {Jun},
  pages   = {119--155},
}

@Article{dsilva2015data,
  author  = {Dsilva, Carmeline J and Talmon, Ronen and Gear, C William and Coifman, Ronald R and Kevrekidis, Ioannis G},
  title   = {Data-driven reduction for multiscale stochastic dynamical systems},
  journal = {arXiv preprint arXiv:1501.05195},
  year    = {2015},
}

@Article{singer2009detecting,
  author    = {Singer, Amit and Erban, Radek and Kevrekidis, Ioannis G and Coifman, Ronald R},
  title     = {Detecting intrinsic slow variables in stochastic dynamical systems by anisotropic diffusion maps},
  journal   = {Proceedings of the National Academy of Sciences},
  year      = {2009},
  volume    = {106},
  number    = {38},
  pages     = {16090--16095},
  publisher = {National Acad Sciences},
}

@InProceedings{talmon2011supervised,
  author       = {Talmon, Ronen and Cohen, Israel and Gannot, Sharon},
  title        = {Supervised source localization using diffusion kernels},
  booktitle    = {2011 IEEE workshop on applications of signal processing to audio and acoustics (WASPAA)},
  year         = {2011},
  pages        = {245--248},
  organization = {IEEE},
}

@InProceedings{scholkopf1997kernel,
  author       = {Sch{\"o}lkopf, Bernhard and Smola, Alexander and M{\"u}ller, Klaus-Robert},
  title        = {Kernel principal component analysis},
  booktitle    = {International Conference on Artificial Neural Networks},
  year         = {1997},
  pages        = {583--588},
  organization = {Springer},
}

@Article{belkin2003laplacian,
  author    = {Belkin, Mikhail and Niyogi, Partha},
  title     = {Laplacian eigenmaps for dimensionality reduction and data representation},
  journal   = {Neural computation},
  year      = {2003},
  volume    = {15},
  number    = {6},
  pages     = {1373--1396},
  publisher = {MIT Press},
}

@InProceedings{belkin2001laplacian,
  author    = {Belkin, Mikhail and Niyogi, Partha},
  title     = {Laplacian eigenmaps and spectral techniques for embedding and clustering.},
  booktitle = {NIPS},
  year      = {2001},
  volume    = {14},
  pages     = {585--591},
}

@Article{coifman2006diffusion,
  author    = {Coifman, Ronald R and Lafon, St{\'e}phane},
  title     = {Diffusion maps},
  journal   = {Applied and computational harmonic analysis},
  year      = {2006},
  volume    = {21},
  number    = {1},
  pages     = {5--30},
  publisher = {Elsevier},
}

@Article{tenenbaum2000global,
  author    = {Tenenbaum, Joshua B and De Silva, Vin and Langford, John C},
  title     = {A global geometric framework for nonlinear dimensionality reduction},
  journal   = {science},
  year      = {2000},
  volume    = {290},
  number    = {5500},
  pages     = {2319--2323},
  publisher = {American Association for the Advancement of Science},
}

@InProceedings{bengio2004non,
  author    = {Bengio, Yoshua and Monperrus, Martin},
  title     = {Non-Local Manifold Tangent Learning.},
  booktitle = {NIPS},
  year      = {2004},
  pages     = {129--136},
}

@Article{rosman2010nonlinear,
  author    = {Rosman, Guy and Bronstein, Michael M and Bronstein, Alexander M and Kimmel, Ron},
  title     = {Nonlinear dimensionality reduction by topologically constrained isometric embedding},
  journal   = {International Journal of Computer Vision},
  year      = {2010},
  volume    = {89},
  number    = {1},
  pages     = {56--68},
  publisher = {Springer},
}

@Article{costa2006distributed,
  author    = {Costa, Jose A and Patwari, Neal and Hero III, Alfred O},
  title     = {Distributed weighted-multidimensional scaling for node localization in sensor networks},
  journal   = {ACM Transactions on Sensor Networks (TOSN)},
  year      = {2006},
  volume    = {2},
  number    = {1},
  pages     = {39--64},
  publisher = {ACM},
}

@InProceedings{gansner2004graph,
  author       = {Gansner, Emden R and Koren, Yehuda and North, Stephen},
  title        = {Graph drawing by stress majorization},
  booktitle    = {International Symposium on Graph Drawing},
  year         = {2004},
  pages        = {239--250},
  organization = {Springer},
}

@Article{duncan2013identifying,
  author  = {Duncan, Dominique and Talmon, Ronen and Zaveri, Hitten P and Coifman, Ronald R},
  title   = {Identifying preseizure state in intracranial EEG data using diffusion kernels},
  journal = {Mathematical Biosciences and Engineering},
  year    = {2013},
  volume  = {10},
  number  = {3},
  pages   = {579--590},
}

@Article{talmon2013empirical,
  author    = {Talmon, Ronen and Coifman, Ronald R},
  title     = {Empirical intrinsic geometry for nonlinear modeling and time series filtering},
  journal   = {Proceedings of the National Academy of Sciences},
  year      = {2013},
  volume    = {110},
  number    = {31},
  pages     = {12535--12540},
  publisher = {National Acad Sciences},
}

@Article{talmon2015intrinsic,
  author    = {Talmon, Ronen and Coifman, Ronald R},
  title     = {Intrinsic modeling of stochastic dynamical systems using empirical geometry},
  journal   = {Applied and Computational Harmonic Analysis},
  year      = {2015},
  volume    = {39},
  number    = {1},
  pages     = {138--160},
  publisher = {Elsevier},
}

@Article{dsilva2013nonlinear,
  author    = {Dsilva, Carmeline J and Talmon, Ronen and Rabin, Neta and Coifman, Ronald R and Kevrekidis, Ioannis G},
  title     = {Nonlinear intrinsic variables and state reconstruction in multiscale simulations},
  journal   = {The Journal of chemical physics},
  year      = {2013},
  volume    = {139},
  number    = {18},
  pages     = {11B608\_1},
  publisher = {AIP},
}

@Article{mishne2015graph,
  author    = {Mishne, Gal and Talmon, Ronen and Cohen, Israel},
  title     = {Graph-based supervised automatic target detection},
  journal   = {IEEE Transactions on Geoscience and Remote Sensing},
  year      = {2015},
  volume    = {53},
  number    = {5},
  pages     = {2738--2754},
  publisher = {IEEE},
}

@Article{dov2016kernel,
  author    = {Dov, David and Talmon, Ronen and Cohen, Israel},
  title     = {Kernel method for voice activity detection in the presence of transients},
  journal   = {IEEE/ACM Transactions on Audio, Speech, and Language Processing},
  year      = {2016},
  volume    = {24},
  number    = {12},
  pages     = {2313--2326},
  publisher = {IEEE},
}

@Article{dsilva2015parsimonious,
  author    = {Dsilva, Carmeline J and Talmon, Ronen and Coifman, Ronald R and Kevrekidis, Ioannis G},
  title     = {Parsimonious representation of nonlinear dynamical systems through manifold learning: A chemotaxis case study},
  journal   = {Applied and Computational Harmonic Analysis},
  year      = {2015},
  publisher = {Elsevier},
}

@Article{talmon2015manifold,
  author    = {Talmon, Ronen and Mallat, St{\'e}phane and Zaveri, Hitten and Coifman, Ronald R},
  title     = {Manifold learning for latent variable inference in dynamical systems},
  journal   = {IEEE Transactions on Signal Processing},
  year      = {2015},
  volume    = {63},
  number    = {15},
  pages     = {3843--3856},
  publisher = {IEEE},
}

@Article{kamada1989algorithm,
  author    = {Kamada, Tomihisa and Kawai, Satoru},
  title     = {An algorithm for drawing general undirected graphs},
  journal   = {Information processing letters},
  year      = {1989},
  volume    = {31},
  number    = {1},
  pages     = {7--15},
  publisher = {Elsevier},
}

@Article{perraultriemannian,
  author = {Perrault-Joncas, Dominique C and Meila, Marina},
  title  = {Riemannian Metric estimation and the problem of geometric recovery},
}

@InProceedings{yang2009indoor,
  author       = {Yang, Jie and Chen, Yingying},
  title        = {Indoor localization using improved rss-based lateration methods},
  booktitle    = {Global Telecommunications Conference, 2009. GLOBECOM 2009. IEEE},
  year         = {2009},
  pages        = {1--6},
  organization = {IEEE},
}

@InProceedings{ash2004sensor,
  author    = {Ash, Joshua and Potter, Lee},
  title     = {Sensor network localization via received signal strength measurements with directional antennas},
  booktitle = {Proceedings of the 2004 Allerton Conference on Communication, Control, and Computing},
  year      = {2004},
  pages     = {1861--1870},
}

@Article{boukerche2007localization,
  author    = {Boukerche, Azzedine and Oliveira, Horacio ABF and Nakamura, Eduardo F and Loureiro, Antonio AF},
  title     = {Localization systems for wireless sensor networks},
  journal   = {IEEE wireless Communications},
  year      = {2007},
  volume    = {14},
  number    = {6},
  publisher = {IEEE},
}

@InProceedings{kotaru2015spotfi,
  author       = {Kotaru, Manikanta and Joshi, Kiran and Bharadia, Dinesh and Katti, Sachin},
  title        = {Spotfi: Decimeter level localization using wifi},
  booktitle    = {ACM SIGCOMM Computer Communication Review},
  year         = {2015},
  volume       = {45},
  number       = {4},
  pages        = {269--282},
  organization = {ACM},
}

@InProceedings{ramadurai2003localization,
  author    = {Ramadurai, Vaidyanathan and Sichitiu, Mihail L},
  title     = {Localization in Wireless Sensor Networks: A Probabilistic Approach.},
  booktitle = {International conference on wireless networks},
  year      = {2003},
  pages     = {275--281},
}

@Article{patwari2003relative,
  author    = {Patwari, Neal and Hero, Alfred O and Perkins, Matt and Correal, Neiyer S and O'dea, Robert J},
  title     = {Relative location estimation in wireless sensor networks},
  journal   = {IEEE Transactions on signal processing},
  year      = {2003},
  volume    = {51},
  number    = {8},
  pages     = {2137--2148},
  publisher = {IEEE},
}

@Article{moses2003self,
  author    = {Moses, Randolph L and Krishnamurthy, Dushyanth and Patterson, Robert M},
  title     = {A self-localization method for wireless sensor networks},
  journal   = {EURASIP Journal on Advances in Signal Processing},
  year      = {2003},
  volume    = {2003},
  number    = {4},
  pages     = {839843},
  publisher = {Springer},
}

@InProceedings{bal2009localization,
  author       = {Bal, Mert and Liu, Min and Shen, Weiming and Ghenniwa, Hamada},
  title        = {Localization in cooperative wireless sensor networks: A review},
  booktitle    = {Computer Supported Cooperative Work in Design, 2009. CSCWD 2009. 13th International Conference on},
  year         = {2009},
  pages        = {438--443},
  organization = {IEEE},
}

@InProceedings{niculescu2003ad,
  author       = {Niculescu, Dragos and Nath, Badri},
  title        = {Ad hoc positioning system (APS) using AOA},
  booktitle    = {INFOCOM 2003. Twenty-Second Annual Joint Conference of the IEEE Computer and Communications. IEEE Societies},
  year         = {2003},
  volume       = {3},
  pages        = {1734--1743},
  organization = {Ieee},
}

@InCollection{engl2005nonlinear,
  author    = {Engl, Heinz W and K{\"u}gler, Philipp},
  title     = {Nonlinear inverse problems: theoretical aspects and some industrial applications},
  booktitle = {Multidisciplinary methods for analysis optimization and control of complex systems},
  publisher = {Springer},
  year      = {2005},
  pages     = {3--47},
}

@Article{de2003global,
  author    = {De Silva, Vin and Tenenbaum, Joshua B},
  title     = {Global versus local methods in nonlinear dimensionality reduction},
  journal   = {Advances in neural information processing systems},
  year      = {2003},
  pages     = {721--728},
  publisher = {MIT; 1998},
}

@Article{tipping1999probabilistic,
  author    = {Tipping, Michael E and Bishop, Christopher M},
  title     = {Probabilistic principal component analysis},
  journal   = {Journal of the Royal Statistical Society: Series B (Statistical Methodology)},
  year      = {1999},
  volume    = {61},
  number    = {3},
  pages     = {611--622},
  publisher = {Wiley Online Library},
}

@Article{roweis1998algorithms,
  author    = {Roweis, Sam},
  title     = {EM algorithms for PCA and SPCA},
  journal   = {Advances in neural information processing systems},
  year      = {1998},
  pages     = {626--632},
  publisher = {MORGAN KAUFMANN PUBLISHERS},
}

@Article{tipping1999mixtures,
  author    = {Tipping, Michael E and Bishop, Christopher M},
  title     = {Mixtures of probabilistic principal component analyzers},
  journal   = {Neural computation},
  year      = {1999},
  volume    = {11},
  number    = {2},
  pages     = {443--482},
  publisher = {MIT Press},
}

@InProceedings{daum2003curse,
  author       = {Daum, Fred and Huang, Jim},
  title        = {Curse of dimensionality and particle filters},
  booktitle    = {Aerospace Conference, 2003. Proceedings. 2003 IEEE},
  year         = {2003},
  volume       = {4},
  pages        = {4\_1979--4\_1993},
  organization = {IEEE},
}

@InProceedings{aggarwal2005k,
  author       = {Aggarwal, Charu C},
  title        = {On k-anonymity and the curse of dimensionality},
  booktitle    = {Proceedings of the 31st international conference on Very large data bases},
  year         = {2005},
  pages        = {901--909},
  organization = {VLDB Endowment},
}

@Article{lederman2015learning,
  author    = {Lederman, Roy R and Talmon, Ronen},
  title     = {Learning the geometry of common latent variables using alternating-diffusion},
  journal   = {Applied and Computational Harmonic Analysis},
  year      = {2015},
  publisher = {Elsevier},
}

@Book{do1992riemannian,
  title  = {Riemannian geometry},
  year   = {1992},
  author = {do Carmo Valero, Manfredo Perdigao},
}

@Article{spivak1981comprehensive,
  author    = {Spivak, Michael},
  title     = {comprehensive introduction to differential geometry. Vol. IV.[A]},
  year      = {1981},
  publisher = {Publish or Perish, Inc., University of Tokyo Press},
}

@Book{cormen2009introduction,
  title     = {Introduction to algorithms},
  publisher = {MIT press},
  year      = {2009},
  author    = {Cormen, Thomas H},
}

@Article{kloeden1992numerical,
  author  = {Kloeden, E and Platen, Eckhard},
  title   = {Numerical Solution of Stochastic Differential Equations Springer},
  journal = {Berlin, Germany},
  year    = {1992},
}

@Book{karatzas2012brownian,
  title     = {Brownian motion and stochastic calculus},
  publisher = {Springer Science \& Business Media},
  year      = {2012},
  author    = {Karatzas, Ioannis and Shreve, Steven},
  volume    = {113},
}

@Article{murase1995visual,
  author    = {Murase, Hiroshi and Nayar, Shree K},
  title     = {Visual learning and recognition of 3-D objects from appearance},
  journal   = {International journal of computer vision},
  year      = {1995},
  volume    = {14},
  number    = {1},
  pages     = {5--24},
  publisher = {Springer},
}

@Article{wang2007learning,
  author    = {Wang, Liang and Suter, David},
  title     = {Learning and matching of dynamic shape manifolds for human action recognition},
  journal   = {IEEE Transactions on Image Processing},
  year      = {2007},
  volume    = {16},
  number    = {6},
  pages     = {1646--1661},
  publisher = {IEEE},
}

@Article{talmon2013diffusion,
  author    = {Talmon, Ronen and Cohen, Israel and Gannot, Sharon and Coifman, Ronald R},
  title     = {Diffusion maps for signal processing: A deeper look at manifold-learning techniques based on kernels and graphs},
  journal   = {IEEE Signal Processing Magazine},
  year      = {2013},
  volume    = {30},
  number    = {4},
  pages     = {75--86},
  publisher = {IEEE},
}

@InCollection{zhang2005manifold,
  author    = {Zhang, Junping and Li, Stan Z and Wang, Jue},
  title     = {Manifold learning and applications in recognition},
  booktitle = {Intelligent multimedia processing with soft computing},
  publisher = {Springer},
  year      = {2005},
  pages     = {281--300},
}

@Article{talmon2013single,
  author    = {Talmon, Ronen and Cohen, Israel and Gannot, Sharon},
  title     = {Single-channel transient interference suppression with diffusion maps},
  journal   = {IEEE transactions on audio, speech, and language processing},
  year      = {2013},
  volume    = {21},
  number    = {1},
  pages     = {132--144},
  publisher = {IEEE},
}

@Article{lafon2006data,
  author    = {Lafon, Stephane and Keller, Yosi and Coifman, Ronald R},
  title     = {Data fusion and multicue data matching by diffusion maps},
  journal   = {IEEE Transactions on pattern analysis and machine intelligence},
  year      = {2006},
  volume    = {28},
  number    = {11},
  pages     = {1784--1797},
  publisher = {IEEE},
}

@Article{he2005face,
  author    = {He, Xiaofei and Yan, Shuicheng and Hu, Yuxiao and Niyogi, Partha and Zhang, Hong-Jiang},
  title     = {Face recognition using laplacianfaces},
  journal   = {IEEE transactions on pattern analysis and machine intelligence},
  year      = {2005},
  volume    = {27},
  number    = {3},
  pages     = {328--340},
  publisher = {IEEE},
}

@Article{talmon2012supervised,
  author    = {Talmon, Ronen and Cohen, Israel and Gannot, Sharon and Coifman, Ronald R},
  title     = {Supervised graph-based processing for sequential transient interference suppression},
  journal   = {IEEE Transactions on Audio, Speech, and Language Processing},
  year      = {2012},
  volume    = {20},
  number    = {9},
  pages     = {2528--2538},
  publisher = {IEEE},
}

@Article{roweis2000nonlinear,
  author    = {Roweis, Sam T and Saul, Lawrence K},
  title     = {Nonlinear dimensionality reduction by locally linear embedding},
  journal   = {science},
  year      = {2000},
  volume    = {290},
  number    = {5500},
  pages     = {2323--2326},
  publisher = {American Association for the Advancement of Science},
}

@Article{hummer2003coarse,
  author    = {Hummer, Gerhard and Kevrekidis, Ioannis G},
  title     = {Coarse molecular dynamics of a peptide fragment: Free energy, kinetics, and long-time dynamics computations},
  journal   = {The Journal of chemical physics},
  year      = {2003},
  volume    = {118},
  number    = {23},
  pages     = {10762--10773},
  publisher = {AIP},
}

@Article{huang2017nonlinear,
  author    = {Huang, Yan and Kou, Gang and Peng, Yi},
  title     = {Nonlinear manifold learning for early warnings in financial markets},
  journal   = {European Journal of Operational Research},
  year      = {2017},
  volume    = {258},
  number    = {2},
  pages     = {692--702},
  publisher = {Elsevier},
}

@Article{singer2009diffusion,
  author    = {Singer, Amit and Shkolnisky, Yoel and Nadler, Boaz},
  title     = {Diffusion interpretation of nonlocal neighborhood filters for signal denoising},
  journal   = {SIAM Journal on Imaging Sciences},
  year      = {2009},
  volume    = {2},
  number    = {1},
  pages     = {118--139},
  publisher = {SIAM},
}

@InProceedings{hadid2009manifold,
  author       = {Hadid, Abdenour and Pietik{\"a}inen, Matti},
  title        = {Manifold learning for video-to-video face recognition},
  booktitle    = {European Workshop on Biometrics and Identity Management},
  year         = {2009},
  pages        = {9--16},
  organization = {Springer},
}

@Article{de2005applications,
  author  = {De Leeuw, Jan},
  title   = {Applications of convex analysis to multidimensional scaling},
  journal = {Department of Statistics, UCLA},
  year    = {2005},
}

@Book{lovett2010differential,
  title     = {Differential geometry of manifolds},
  publisher = {CRC Press},
  year      = {2010},
  author    = {Lovett, Stephen T},
}

@Article{bengio2013representation,
  author    = {Bengio, Yoshua and Courville, Aaron and Vincent, Pascal},
  title     = {Representation learning: A review and new perspectives},
  journal   = {IEEE transactions on pattern analysis and machine intelligence},
  year      = {2013},
  volume    = {35},
  number    = {8},
  pages     = {1798--1828},
  publisher = {IEEE},
}

@Article{donoho2005image,
  author    = {Donoho, David L and Grimes, Carrie},
  title     = {Image manifolds which are isometric to Euclidean space},
  journal   = {Journal of mathematical imaging and vision},
  year      = {2005},
  volume    = {23},
  number    = {1},
  pages     = {5--24},
  publisher = {Springer},
}

@Article{zhang2004principal,
  author    = {Zhang, Zhenyue and Zha, Hongyuan},
  title     = {Principal manifolds and nonlinear dimensionality reduction via tangent space alignment},
  journal   = {SIAM journal on scientific computing},
  year      = {2004},
  volume    = {26},
  number    = {1},
  pages     = {313--338},
  publisher = {SIAM},
}

@Article{donoho2003hessian,
  author    = {Donoho, David L and Grimes, Carrie},
  title     = {Hessian eigenmaps: Locally linear embedding techniques for high-dimensional data},
  journal   = {Proceedings of the National Academy of Sciences},
  year      = {2003},
  volume    = {100},
  number    = {10},
  pages     = {5591--5596},
  publisher = {National Acad Sciences},
}

@Article{zhang2007mlle,
  author    = {Zhang, Zhenyue and Wang, Jing},
  title     = {MLLE: Modified locally linear embedding using multiple weights},
  journal   = {Advances in Neural Information Processing Systems},
  year      = {2007},
  volume    = {19},
  pages     = {1593},
  publisher = {MIT; 1998},
}

@Article{vincent2010stacked,
  author  = {Vincent, Pascal and Larochelle, Hugo and Lajoie, Isabelle and Bengio, Yoshua and Manzagol, Pierre-Antoine},
  title   = {Stacked denoising autoencoders: Learning useful representations in a deep network with a local denoising criterion},
  journal = {Journal of Machine Learning Research},
  year    = {2010},
  volume  = {11},
  number  = {Dec},
  pages   = {3371--3408},
}

@Book{oksendal2013stochastic,
  title     = {Stochastic differential equations: an introduction with applications},
  publisher = {Springer Science \& Business Media},
  year      = {2013},
  author    = {Oksendal, Bernt},
}

@Book{strang1993introduction,
  title     = {Introduction to linear algebra@book{strang1993introduction, title={Introduction to linear algebra}, author={Strang, Gilbert and Strang, Gilbert and Strang, Gilbert and Strang, Gilbert}, volume={3}, year={1993}, publisher={Wellesley-Cambridge Press Wellesley, MA} }},
  publisher = {Wellesley-Cambridge Press Wellesley, MA},
  year      = {1993},
  author    = {Strang, Gilbert and Strang, Gilbert and Strang, Gilbert and Strang, Gilbert},
  volume    = {3},
}

@InProceedings{weinberger2006introduction,
  author    = {Weinberger, Kilian Q and Saul, Lawrence K},
  title     = {An introduction to nonlinear dimensionality reduction by maximum variance unfolding},
  booktitle = {AAAI},
  year      = {2006},
  volume    = {6},
  pages     = {1683--1686},
}

@Article{alfakih1999solving,
  author    = {Alfakih, Abdo Y and Khandani, Amir and Wolkowicz, Henry},
  title     = {Solving Euclidean distance matrix completion problems via semidefinite programming},
  journal   = {Computational optimization and applications},
  year      = {1999},
  volume    = {12},
  number    = {1-3},
  pages     = {13--30},
  publisher = {Springer},
}

@Article{fang2012euclidean,
  author    = {Fang, Haw-ren and O'Leary, Dianne P},
  title     = {Euclidean distance matrix completion problems},
  journal   = {Optimization Methods and Software},
  year      = {2012},
  volume    = {27},
  number    = {4-5},
  pages     = {695--717},
  publisher = {Taylor \& Francis},
}

@InProceedings{bergstra2010theano,
  author    = {Bergstra, James and Breuleux, Olivier and Bastien, Fr{\'e}d{\'e}ric and Lamblin, Pascal and Pascanu, Razvan and Desjardins, Guillaume and Turian, Joseph and Warde-Farley, David and Bengio, Yoshua},
  title     = {Theano: A CPU and GPU math compiler in Python},
  booktitle = {Proc. 9th Python in Science Conf},
  year      = {2010},
  pages     = {1--7},
}

@InCollection{takens1981detecting,
  author    = {Takens, Floris},
  title     = {Detecting strange attractors in turbulence},
  booktitle = {Dynamical systems and turbulence, Warwick 1980},
  publisher = {Springer},
  year      = {1981},
  pages     = {366--381},
}

@Article{yang2006distance,
  author  = {Yang, Liu and Jin, Rong},
  title   = {Distance metric learning: A comprehensive survey},
  journal = {Michigan State Universiy},
  year    = {2006},
  volume  = {2},
  number  = {2},
}

@Article{kingma2014adam,
  author  = {Kingma, Diederik and Ba, Jimmy},
  title   = {Adam: A method for stochastic optimization},
  journal = {arXiv preprint arXiv:1412.6980},
  year    = {2014},
}

@InProceedings{krogh1991simple,
  author    = {Krogh, Anders and Hertz, John A},
  title     = {A simple weight decay can improve generalization},
  booktitle = {NIPS},
  year      = {1991},
  volume    = {4},
  pages     = {950--957},
}

@Article{talmon2012parametrization,
  author    = {Talmon, Ronen and Kushnir, Dan and Coifman, Ronald R and Cohen, Israel and Gannot, Sharon},
  title     = {Parametrization of linear systems using diffusion kernels},
  journal   = {IEEE Transactions on Signal Processing},
  year      = {2012},
  volume    = {60},
  number    = {3},
  pages     = {1159--1173},
  publisher = {IEEE},
}

@InProceedings{vincent2008extracting,
  author       = {Vincent, Pascal and Larochelle, Hugo and Bengio, Yoshua and Manzagol, Pierre-Antoine},
  title        = {Extracting and composing robust features with denoising autoencoders},
  booktitle    = {Proceedings of the 25th international conference on Machine learning},
  year         = {2008},
  pages        = {1096--1103},
  organization = {ACM},
}

@Article{hinton2006reducing,
  author    = {Hinton, Geoffrey E and Salakhutdinov, Ruslan R},
  title     = {Reducing the dimensionality of data with neural networks},
  journal   = {science},
  year      = {2006},
  volume    = {313},
  number    = {5786},
  pages     = {504--507},
  publisher = {American Association for the Advancement of Science},
}

@Article{hartley1997triangulation,
  author    = {Hartley, Richard I and Sturm, Peter},
  title     = {Triangulation},
  journal   = {Computer vision and image understanding},
  year      = {1997},
  volume    = {68},
  number    = {2},
  pages     = {146--157},
  publisher = {Elsevier},
}

@Article{singer2012vector,
  author    = {Singer, Amit and Wu, H-T},
  title     = {Vector diffusion maps and the connection Laplacian},
  journal   = {Communications on pure and applied mathematics},
  year      = {2012},
  volume    = {65},
  number    = {8},
  pages     = {1067--1144},
  publisher = {Wiley Online Library},
}

@Article{bregler1995nonlinear,
  author    = {Bregler, Christoph and Omohundro, Stephen M},
  title     = {Nonlinear image interpolation using manifold learning},
  journal   = {Advances in neural information processing systems},
  year      = {1995},
  pages     = {973--980},
  publisher = {MORGAN KAUFMANN PUBLISHERS},
}

@InProceedings{akiba2013fast,
  author       = {Akiba, Takuya and Iwata, Yoichi and Yoshida, Yuichi},
  title        = {Fast exact shortest-path distance queries on large networks by pruned landmark labeling},
  booktitle    = {Proceedings of the 2013 ACM SIGMOD International Conference on Management of Data},
  year         = {2013},
  pages        = {349--360},
  organization = {ACM},
}

@InProceedings{xing2003distance,
  author    = {Xing, Eric P and Jordan, Michael I and Russell, Stuart J and Ng, Andrew Y},
  title     = {Distance metric learning with application to clustering with side-information},
  booktitle = {Advances in neural information processing systems},
  year      = {2003},
  pages     = {521--528},
}

@Comment{jabref-meta: databaseType:bibtex;}
